<?xml version="1.0" encoding="UTF-8"?><collection xmlns="http://www.loc.gov/MARC21/slim"><record><leader>00400nam--2200133-i-4500</leader><controlfield tag="001">000040592</controlfield><controlfield tag="002">20161230</controlfield><controlfield tag="005">20161230201042</controlfield><controlfield tag="008">060222s1000------------r-----000-0-eng-d</controlfield><datafield ind1=" " ind2=" " tag="100"><subfield code="a">Schmidt,Harry</subfield></datafield><datafield ind1=" " ind2=" " tag="245"><subfield code="a">Einfuhrung in die schwingungslehre. herausgegeben von dr.maria hasse</subfield></datafield><datafield ind1=" " ind2=" " tag="260"><subfield code="a">Berlin, Veb Verlag Technik, 1952. 84 P. + Fig</subfield></datafield><datafield ind1=" " ind2=" " tag="490"><subfield code="a">Schriftenreihe Des Verlages Technik</subfield></datafield><datafield ind1=" " ind2=" " tag="852"><subfield code="a">11205</subfield></datafield></record></collection>